[gd_scene load_steps=15 format=2]

[ext_resource path="res://theme/theme.tres" type="Theme" id=1]
[ext_resource path="res://ui/PickConversationButton.tscn" type="PackedScene" id=2]
[ext_resource path="res://screens/ConversationIntro.gd" type="Script" id=3]
[ext_resource path="res://ui/UserInterface.tscn" type="PackedScene" id=4]
[ext_resource path="res://ui/SceneTransitionOverlay.tscn" type="PackedScene" id=5]
[ext_resource path="res://screens/assets/opponent.png" type="Texture" id=6]
[ext_resource path="res://screens/assets/conversation_panel_before_match.png" type="Texture" id=7]
[ext_resource path="res://screens/assets/background_bar.png" type="Texture" id=8]
[ext_resource path="res://fonts/atten.otf" type="DynamicFontData" id=9]
[ext_resource path="res://fonts/AttenNewExtraBold.otf" type="DynamicFontData" id=10]

[sub_resource type="DynamicFont" id=1]
size = 60
use_mipmaps = true
use_filter = true
font_data = ExtResource( 10 )

[sub_resource type="DynamicFont" id=2]
size = 40
use_mipmaps = true
use_filter = true
font_data = ExtResource( 9 )

[sub_resource type="DynamicFont" id=3]
size = 40
use_mipmaps = true
use_filter = true
font_data = ExtResource( 10 )

[sub_resource type="DynamicFont" id=4]
size = 40
use_mipmaps = true
use_filter = true
font_data = ExtResource( 9 )

[node name="ConversationIntro" type="Control"]
anchor_right = 1.0
anchor_bottom = 1.0
theme = ExtResource( 1 )
script = ExtResource( 3 )
__meta__ = {
"_edit_use_anchors_": false
}

[node name="Background" type="TextureRect" parent="."]
anchor_right = 1.0
anchor_bottom = 1.0
texture = ExtResource( 8 )
expand = true
stretch_mode = 1

[node name="Player" type="TextureRect" parent="."]
visible = false
anchor_right = 1.0
anchor_bottom = 1.0
margin_left = 36.0
margin_top = 23.0
margin_bottom = -1.0
expand = true
stretch_mode = 5

[node name="Opponent" type="TextureRect" parent="."]
visible = false
anchor_right = 1.0
anchor_bottom = 1.0
margin_top = 23.0
margin_bottom = -1.0
texture = ExtResource( 6 )
expand = true
stretch_mode = 5
__meta__ = {
"_edit_use_anchors_": false
}

[node name="UserInterface" parent="." instance=ExtResource( 4 )]
visible = false

[node name="PickConversationButton" parent="." instance=ExtResource( 2 )]
anchor_left = 0.5
anchor_top = 0.5
anchor_right = 0.5
anchor_bottom = 0.5
margin_left = -398.0
margin_top = -333.5
margin_right = 398.0
margin_bottom = 333.5
texture_normal = ExtResource( 7 )
texture_pressed = ExtResource( 7 )
texture_disabled = ExtResource( 7 )
texture_focused = ExtResource( 7 )

[node name="Title" parent="PickConversationButton" index="0"]
margin_left = 35.0
margin_top = 14.714
margin_right = 416.0
margin_bottom = 80.714
custom_fonts/font = SubResource( 1 )

[node name="RequirementsLbl" parent="PickConversationButton" index="1"]
margin_left = 35.0
margin_top = 430.0
margin_right = 247.0
margin_bottom = 473.0
custom_fonts/font = SubResource( 2 )

[node name="ReputationRequirementsLbl" parent="PickConversationButton" index="2"]
margin_left = 435.0
margin_top = 432.0
margin_right = 544.0
margin_bottom = 481.0
custom_fonts/font = SubResource( 3 )

[node name="ExpRequirementsLbl" parent="PickConversationButton" index="3"]
margin_left = 642.0
margin_top = 432.0
margin_right = 758.0
margin_bottom = 486.0
custom_fonts/font = SubResource( 3 )

[node name="RewardsLbl" parent="PickConversationButton" index="4"]
margin_left = 35.0
margin_top = 560.0
margin_right = 168.0
margin_bottom = 609.0
custom_fonts/font = SubResource( 3 )

[node name="ReputationRewardsLbl" parent="PickConversationButton" index="5"]
margin_left = 435.0
margin_top = 560.0
margin_right = 541.0
margin_bottom = 615.0
custom_fonts/font = SubResource( 3 )

[node name="ExpRewardsLbl" parent="PickConversationButton" index="6"]
margin_left = 642.0
margin_top = 560.0
margin_right = 771.0
margin_bottom = 613.0
custom_fonts/font = SubResource( 3 )

[node name="Desc" type="Label" parent="PickConversationButton"]
margin_left = 66.0
margin_top = 111.0
margin_right = 748.0
margin_bottom = 312.0
custom_fonts/font = SubResource( 4 )
custom_colors/font_color = Color( 0, 0, 0, 1 )
text = "Descrizione"

[node name="SceneTransitionOverlay" parent="." instance=ExtResource( 5 )]
color = Color( 0, 0, 0, 1 )
next_scene_path = "res://conversations/Conversation.tscn"

[editable path="PickConversationButton"]
